<record><leader>00000cas a2200000 a 4500</leader><controlfield tag="001">7060057</controlfield><controlfield tag="008">810113d18231833ohuwr ne      0    0eng d</controlfield><datafield ind1=" " ind2=" " tag="010"><subfield code="a">sn 84028527 </subfield></datafield><datafield ind1=" " ind2=" " tag="040"><subfield code="a">MRC</subfield><subfield code="b">eng</subfield><subfield code="c">MRC</subfield><subfield code="d">NPY</subfield><subfield code="d">NPX</subfield><subfield code="d">DLC</subfield><subfield code="d">ONP</subfield><subfield code="d">CNK</subfield><subfield code="d">OCL</subfield></datafield><datafield ind1=" " ind2=" " tag="019"><subfield code="a">228680058</subfield></datafield><datafield ind1=" " ind2=" " tag="042"><subfield code="a">msc</subfield></datafield><datafield ind1="0" ind2="0" tag="050"><subfield code="a">Newspaper 9214-X</subfield></datafield><datafield ind1=" " ind2=" " tag="090"><subfield code="a">AN2</subfield><subfield code="b">.A32</subfield></datafield><datafield ind1="0" ind2="0" tag="245"><subfield code="a">American friend &amp; Marietta gazette.</subfield></datafield><datafield ind1="1" ind2="0" tag="246"><subfield code="a">American friend and Marietta gazette</subfield></datafield><datafield ind1=" " ind2=" " tag="260"><subfield code="a">Marietta, Ohio :</subfield><subfield code="b">R. &amp; G. Prentiss,</subfield><subfield code="c">1823-1833.</subfield></datafield><datafield ind1=" " ind2=" " tag="300"><subfield code="a">v. :</subfield><subfield code="b">ill. (chiefly advertisements) ;</subfield><subfield code="c">44-51 cm.</subfield></datafield><datafield ind1=" " ind2=" " tag="310"><subfield code="a">Weekly</subfield></datafield><datafield ind1="0" ind2=" " tag="362"><subfield code="a">Vol. 8, no. 1 (June 26, 1823)-v. 17, no. 21 (May 11, 1833).</subfield></datafield><datafield ind1=" " ind2=" " tag="500"><subfield code="a">Publisher: Royal Prentiss, 1826-1832.</subfield></datafield><datafield ind1=" " ind2=" " tag="500"><subfield code="a">"National Republican." Cf. Gutgesell, S.  Guide to Ohio newspapers, 1974.</subfield></datafield><datafield ind1=" " ind2=" " tag="500"><subfield code="a">Editor: R. Prentiss.</subfield></datafield><datafield ind1="1" ind2=" " tag="700"><subfield code="a">Prentiss, Royal.</subfield></datafield><datafield ind1=" " ind2=" " tag="752"><subfield code="a">United States</subfield><subfield code="b">Ohio</subfield><subfield code="c">Washington</subfield><subfield code="d">Marietta.</subfield></datafield><datafield ind1="0" ind2="0" tag="780"><subfield code="t">American friend (Marietta, Ohio)</subfield><subfield code="w">(DLC)sn 84028526</subfield></datafield><datafield ind1="0" ind2="0" tag="785"><subfield code="t">Marietta gazette (Marietta, Ohio : 1833)</subfield><subfield code="w">(DLC)sn 87075212</subfield></datafield></record>